<record><leader>00000cas a22000007a 4500</leader><controlfield tag="001">11988272</controlfield><controlfield tag="008">850501d18701873wiuwr ne      0    0eng d</controlfield><datafield ind1=" " ind2=" " tag="010"><subfield code="a">sn 85040571 </subfield></datafield><datafield ind1=" " ind2=" " tag="040"><subfield code="a">NPV</subfield><subfield code="b">eng</subfield><subfield code="c">NPV</subfield><subfield code="d">OCLCQ</subfield></datafield><datafield ind1=" " ind2=" " tag="042"><subfield code="a">msc</subfield></datafield><datafield ind1="0" ind2="0" tag="245"><subfield code="a">Galesville journal.</subfield></datafield><datafield ind1=" " ind2=" " tag="260"><subfield code="a">Galesville, Wis. :</subfield><subfield code="b">J.H. Powers, G.S. Luce,</subfield><subfield code="c">1870-1873.</subfield></datafield><datafield ind1=" " ind2=" " tag="300"><subfield code="a">3 v.</subfield></datafield><datafield ind1=" " ind2=" " tag="310"><subfield code="a">Weekly</subfield></datafield><datafield ind1="0" ind2=" " tag="362"><subfield code="a">Vol. 1, no. 1 (May 6, 1870)-v. 3, no. 32 (Jan. 2, 1873).</subfield></datafield><datafield ind1=" " ind2=" " tag="500"><subfield code="a">Publisher varies.</subfield></datafield><datafield ind1=" " ind2=" " tag="752"><subfield code="a">United States</subfield><subfield code="b">Wisconsin</subfield><subfield code="c">Trempealeau</subfield><subfield code="d">Galesville.</subfield></datafield><datafield ind1="0" ind2="7" tag="785"><subfield code="t">Trempealeau County record</subfield><subfield code="w">(DLC)sn 85040429</subfield></datafield><datafield ind1="0" ind2="7" tag="785"><subfield code="t">Journal &amp; record</subfield><subfield code="w">(DLC)sn 85033074</subfield></datafield></record>